@inproceedings{roos2019active,
	title={Active Probabilistic Inference on Matrices for Pre-Conditioning in Stochastic Optimization},
	author={Roos, Filip and Hennig, Philipp},
	booktitle={The 22nd International Conference on Artificial Intelligence and Statistics},
	pages={1448--1457},
	year={2019}
}


@inproceedings{deepobs,
	author    = {Frank Schneider and
	Lukas Balles and
	Philipp Hennig},
	title     = {DeepOBS: {A} Deep Learning Optimizer Benchmark Suite},
	booktitle = {7th International Conference on Learning Representations, {ICLR} 2019,
	New Orleans, LA, USA, May 6-9, 2019},
	year      = {2019},
	crossref  = {DBLP:conf/iclr/2019},
	url       = {https://openreview.net/forum?id=rJg6ssC5Y7},
	timestamp = {Thu, 25 Jul 2019 14:26:03 +0200}
}

@inproceedings{DBLP:conf/iclr/ChaudhariCSLBBC17,
	author    = {Pratik Chaudhari and
	Anna Choromanska and
	Stefano Soatto and
	Yann LeCun and
	Carlo Baldassi and
	Christian Borgs and
	Jennifer T. Chayes and
	Levent Sagun and
	Riccardo Zecchina},
	title     = {Entropy-SGD: Biasing Gradient Descent Into Wide Valleys},
	booktitle = {5th International Conference on Learning Representations, {ICLR} 2017,
	Toulon, France, April 24-26, 2017, Conference Track Proceedings},
	year      = {2017},
	crossref  = {DBLP:conf/iclr/2017},
	url       = {https://openreview.net/forum?id=B1YfAfcgl},
	timestamp = {Thu, 25 Jul 2019 14:26:02 +0200},
	biburl    = {https://dblp.org/rec/bib/conf/iclr/ChaudhariCSLBBC17},
	bibsource = {dblp computer science bibliography, https://dblp.org}
}
